@unpublished{notes,
	author= {Tim Hoheisel},
	title={Convex Analysis, University of WÃ¼rzburg, Germany, Lecture Notes,
Summer term 2016},
	year={2016}
}
@article{tao1997convex,
  title={Convex analysis approach to dc programming: Theory, algorithms and
	 applications},
  author={Tao, Pham Dinh and An, Le Thi Hoai},
  journal={Acta Mathematica Vietnamica},
  volume={22},
  number={1},
  pages={289--355},
  year={1997}
}
@book{hiriart1993convex,
  title={Convex analysis and minimization algorithms II: Advanced theory and
	 bundle methods, vol. 306 of Grundlehren der mathematischen
	 Wissenschaften},
  author={Hiriart-Urruty, Jean-Baptiste and Lemar{\'e}chal, Claude},
  year={1993},
  publisher={Springer-Verlag, New York}
}
@book{rockafellar2009variational,
  title={Variational analysis},
  author={Rockafellar, R Tyrrell and Wets, Roger J-B},
  volume={317},
  year={2009},
  publisher={Springer Science \& Business Media}
}
@article{tao1988duality,
  title={Duality in DC optimization. Subgradient methods, Trends in mathematical optimization},
  author={Tao, PD and Souad, EB},
  journal={Internat. Ser. Numer. Math},
  volume={84},
  pages={277--293},
  year={1988}
}
@article{tao2005dc,
  title={The DC (difference of convex functions) programming and DCA revisited with DC models of real world nonconvex optimization problems},
  author={Tao, Pham Dinh and others},
  journal={Annals of operations research},
  volume={133},
  number={1-4},
  pages={23--46},
  year={2005},
  publisher={Springer}
}
